<?xml version="1.0" encoding="UTF-8"?><collection xmlns="http://www.loc.gov/MARC21/slim"><record><leader>00325nam--2200121-i-4500</leader><controlfield tag="001">000028152</controlfield><controlfield tag="002">20161230</controlfield><controlfield tag="005">20161230201037</controlfield><controlfield tag="008">060222s1000------------r-----000-0-eng-d</controlfield><datafield ind1=" " ind2=" " tag="100"><subfield code="a">Lawn, A.N. And William Horenstein</subfield></datafield><datafield ind1=" " ind2=" " tag="245"><subfield code="a">On the function h (m,a,x) = exp. (-ix) f (m + 1 - ia, 2m + 2</subfield></datafield><datafield ind1=" " ind2=" " tag="260"><subfield code="a">2 Ix)</subfield></datafield><datafield ind1=" " ind2=" " tag="490"><subfield code="a">Math.Table</subfield></datafield></record></collection>